% This file was created with JabRef 2.9.2.
% Encoding: UTF8

@INPROCEEDINGS{Han2013,
  author = {Wonkyu Han and Mike Mabey and Gail-Joon Ahn},
  title = {Simulation-Based Validation for Smart Grid Environments},
  booktitle = {Information Reuse and Integration (IRI), 2013 IEEE 14th International
	Conference on},
  year = {2013},
  pages = {14-21},
  month = {August},
  doi = {10.1109/IRI.2013.6642448},
  keywords = {discrete event systems;formal verification;power engineering computing;smart
	power grids;DEVS modeling methodology;discrete event system specification;formal
	validation;formal verification;simulation-based validation;smart
	grid environments;Capability maturity model;Electricity;Generators;Load
	modeling;NIST;Silicon;Smart grids}
}

@INCOLLECTION{Mabey2013,
  author = {Mabey, Mike and Ahn, Gail-Joon},
  title = {Towards Collaborative Forensics},
  booktitle = {Information Reuse and Integration in Academia and Industry},
  publisher = {Springer Vienna},
  year = {2013},
  editor = {Ã–zyer, Tansel and Kianmehr, Keivan and Tan, Mehmet and Zeng, Jia},
  pages = {237-260},
  doi = {10.1007/978-3-7091-1538-1_12},
  isbn = {978-3-7091-1537-4},
  language = {English},
  url = {http://dx.doi.org/10.1007/978-3-7091-1538-1_12}
}

@INPROCEEDINGS{Mabey2011,
  author = {Mike Mabey and Gail-Joon Ahn},
  title = {Towards Collaborative Forensics: Preliminary Framework},
  booktitle = {Information Reuse and Integration (IRI), 2011 IEEE International
	Conference on},
  year = {2011},
  pages = {94-99},
  month = {August},
  doi = {10.1109/IRI.2011.6009527},
  keywords = {CUFF;DFXML;EDRM XML;building blocks;collaborative forensic analysis
	tool;cyber crime;digital forensic analysis technique;diverse forensic
	skill;diverse incident;emerging standards;emerging technology;file
	representation;forensic practitioner collaboration;forensic service;resource
	transmission;XML;computer forensics;file organisation;groupware;organisational
	aspects;resource allocation;}
}

@INPROCEEDINGS{Paglierani2013,
  author = {Paglierani, Justin and Mabey, Mike and Ahn, Gail-Joon},
  title = {Towards comprehensive and collaborative forensics on email evidence},
  booktitle = {Collaborative Computing: Networking, Applications and Worksharing
	(Collaboratecom), 2013 9th International Conference Conference on},
  year = {2013},
  pages = {11-20},
  month = {October},
  keywords = {Internet;computer crime;digital forensics;electronic mail;Web-based
	email;analysis tools;collaborative forensics;comprehensive forensics;crime
	commission;data retrieval;digital forensics community;email accounts;email
	evidence;email forensics;forensic cases;nonobvious artifacts;normal
	forensic analysis workflow;service provider;systematic process;Best
	practices;Collaboration;Databases;Electronic mail;Engines;Forensics;Organizations;Email;collaboration;forensics}
}

