Automatically generated by Mendeley Desktop 1.16.2-dev5
Any changes to this file will be lost if it is regenerated by Mendeley.

BibTeX export options can be customized via Options -> BibTeX in Mendeley Desktop

@article{MabeyDFRWS,
note = {The Proceedings of the Sixteenth Annual {DFRWS} Conference},
author = {Mabey, Mike and Doup\'{e}, Adam and Zhao, Ziming and Ahn, Gail-Joon},
doi = {10.1016/j.diin.2016.04.007},
issn = {17422876},
journal = {Digital Investigation},
keywords = {journal,major},
month = {aug},
pages = {S55--S65},
title = {{dbling: Identifying extensions installed on encrypted web thin clients}},
url = {http://linkinghub.elsevier.com/retrieve/pii/S174228761630038X},
volume = {18},
year = {2016}
}
@inproceedings{Paglierani2013,
author = {Paglierani, Justin and Mabey, Mike and Ahn, Gail-Joon},
booktitle = {Collaborative Computing: Networking, Applications and Worksharing (Collaboratecom), 2013 9th International Conference Conference on},
doi = {10.4108/icst.collaboratecom.2013.254125},
keywords = {conference,major},
month = {oct},
pages = {11--20},
title = {{Towards Comprehensive and Collaborative Forensics on Email Evidence}},
year = {2013}
}
@misc{IAWS_Mabey2012,
author = {Mabey, Mike and Paglierani, Justin and Ahn, Gail-Joon},
howpublished = {\emph{Workshop on Information Assurance Research and Education, ASU}},
keywords = {poster},
month = {apr},
title = {{Towards Collaborative Forensics}},
year = {2012}
}
@incollection{han2014simulation,
note = {(Extended version of \cite{Han2013})},
author = {Han, Wonkyu and Mabey, Mike and Ahn, Gail-Joon and Kim, Tae Sung},
booktitle = {Integration of Reusable Systems},
doi = {10.1007/978-3-319-04717-1_2},
editor = {Bouabana-Tebibel, Thouraya and Rubin, Stuart H},
isbn = {978-3-319-04716-4},
keywords = {journal},
pages = {27--44},
publisher = {Springer International Publishing},
series = {Advances in Intelligent Systems and Computing},
title = {{Simulation-Based Validation for Smart Grid Environments: Framework and Experimental Results}},
url = {http://dx.doi.org/10.1007/978-3-319-04717-1_2},
volume = {263},
year = {2014}
}
@misc{MabeyBlogDebianAndroid2012,
author = {Mabey, Mike},
howpublished = {\href{http://mikemabey.blogspot.com/2012/06/debian-on-android-and-my-quest-for-full.html}{http://mikemabey.\hspace{0pt}blogspot.\hspace{0pt}com/\hspace{0pt}2012/\hspace{0pt}06/\hspace{0pt}debian-on-android-and-my-quest-for-full.html}},
keywords = {blog},
month = {jun},
title = {{Debian on Android and my quest for a full-fledged terminal Python IDE}},
url = {http://mikemabey.blogspot.com/2012/06/debian-on-android-and-my-quest-for-full.html},
year = {2012}
}
@misc{MabeyBlogFixRepo2015,
author = {Mabey, Mike},
howpublished = {\href{http://mikemabey.blogspot.com/2015/01/fixing-repo-init-to-check-out-chromium.html}{http://mikemabey.blogspot.com/\hspace{0pt}2015/\hspace{0pt}01/\hspace{0pt}fixing-repo-init-to-check-out-chromium.html}},
keywords = {blog},
month = {jan},
title = {{Fixing repo init to check out Chromium OS code}},
url = {http://mikemabey.blogspot.com/2015/01/fixing-repo-init-to-check-out-chromium.html},
year = {2015}
}
@misc{IASymp_Mabey2015,
author = {Mabey, Mike and Whitaker, Jeremy and Ahn, Gail-Joon and Doup\'{e}, Adam},
howpublished = {\emph{Symposium on Information Assurance Research and Education, ASU}},
keywords = {poster},
month = {nov},
title = {{Towards Forensics for Web Thin Clients}},
year = {2015}
}
@inproceedings{Han2013,
author = {Han, Wonkyu and Mabey, Mike and Ahn, Gail-Joon},
booktitle = {Proceedings of the 2013 IEEE 14th International Conference on Information Reuse and Integration, IEEE IRI 2013},
keywords = {conference},
pages = {14--21},
publisher = {IEEE Computer Society},
title = {{Simulation-based validation for smart grid environments}},
year = {2013}
}
@unpublished{MabeyDFRWStalk,
note = {Presentation given at the Sixteenth Annual DFRWS Conference on paper \cite{MabeyDFRWS}},
author = {Mabey, Mike},
keywords = {talk},
month = {aug},
title = {{dbling: Identifying Extensions Installed on Encrypted Web Thin Clients}},
url = {https://goo.gl/2Le7nB},
year = {2016}
}
@incollection{Mabey2013,
note = {(Extended version of \cite{Mabey2011})},
author = {Mabey, Mike and Ahn, Gail-Joon},
booktitle = {Information Reuse and Integration in Academia and Industry},
doi = {10.1007/978-3-7091-1538-1_12},
editor = {\"{O}zyer, Tansel and Kianmehr, Keivan and Tan, Mehmet and Zeng, Jia},
isbn = {978-3-7091-1537-4},
keywords = {journal,major},
pages = {237--260},
publisher = {Springer Vienna},
title = {{Towards Collaborative Forensics}},
url = {http://dx.doi.org/10.1007/978-3-7091-1538-1_12},
year = {2013}
}
@misc{IASymp_Whitaker2015,
author = {Whitaker, Jeremy and Mabey, Mike and Ahn, Gail-Joon and Doup\'{e}, Adam},
howpublished = {\emph{Symposium on Information Assurance Research and Education, ASU}},
keywords = {poster},
month = {oct},
title = {{Forensic Analysis on Mobile Devices}},
year = {2014}
}
@misc{MabeyBlogCheckout2016,
author = {Mabey, Mike},
howpublished = {\href{http://mikemabey.blogspot.com/2016/02/how-to-check-out-old-version-of.html}{http://mikemabey.\hspace{0pt}blogspot.\hspace{0pt}com/\hspace{0pt}2016/\hspace{0pt}02/\hspace{0pt}how-to-check-out-old-version-of.html}},
keywords = {blog},
month = {feb},
title = {{How to check out an old version of Chromium OS}},
url = {http://mikemabey.blogspot.com/2016/02/how-to-check-out-old-version-of.html},
year = {2016}
}
@misc{MabeyBlogVPN2012,
author = {Mabey, Mike},
howpublished = {\href{http://mikemabey.blogspot.com/2012/06/openvpn-update-fixed.html}{http://mikemabey.blogspot.com/\hspace{0pt}2012/\hspace{0pt}06/\hspace{0pt}openvpn-update-fixed.html}},
keywords = {blog},
month = {jun},
title = {{OpenVPN Update: Fixed!}},
url = {http://mikemabey.blogspot.com/2012/06/openvpn-update-fixed.html},
year = {2012}
}
@misc{MabeyBlogHPDevMode2013,
author = {Mabey, Mike},
howpublished = {\href{http://mikemabey.blogspot.com/2013/05/getting-into-developer-mode-on-hp.html}{http://mikemabey.\hspace{0pt}blogspot.\hspace{0pt}com/\hspace{0pt}2013/\hspace{0pt}05/\hspace{0pt}getting-into-developer-mode-on-hp.html}},
keywords = {blog},
month = {may},
title = {{Getting into Developer Mode on the HP Pavilion 14 Chromebook}},
url = {http://mikemabey.blogspot.com/2013/05/getting-into-developer-mode-on-hp.html},
year = {2013}
}
@inproceedings{Mabey2011,
author = {Mabey, Mike and Ahn, Gail-Joon},
booktitle = {Information Reuse and Integration (IRI), 2011 IEEE International Conference on},
doi = {10.1109/IRI.2011.6009527},
keywords = {conference,major},
month = {aug},
pages = {94--99},
title = {{Towards Collaborative Forensics: Preliminary Framework}},
year = {2011}
}
@misc{Sandia_Mabey2011,
author = {Bridges, James and Gabert, Kasimir and Mabey, Michael},
howpublished = {\emph{University Day, Sandia National Laboratories}},
keywords = {poster},
month = {jul},
title = {{Cyber Tracer}},
year = {2011}
}
