% This file was created with JabRef 2.10b2.
% Encoding: UTF-8


@Misc{MabeyBlogCheckout2016,
  Title                    = {How to check out an old version of Chromium OS},

  Author                   = {\textbf{Mike Mabey}},
  HowPublished             = {\href{http://mikemabey.blogspot.com/2016/02/how-to-check-out-old-version-of.html}{http://mikemabey.\hspace{0pt}blogspot.\hspace{0pt}com/\hspace{0pt}2016/\hspace{0pt}02/\hspace{0pt}how-to-check-out-old-version-of.html}},
  Month                    = feb,
  Year                     = {2016},

  Day                      = {26},
  Keywords                 = {blog},
  Url                      = {http://mikemabey.blogspot.com/2016/02/how-to-check-out-old-version-of.html}
}

@Misc{MabeyBlogFixRepo2015,
  Title                    = {Fixing repo init to check out Chromium OS code},

  Author                   = {\textbf{Mike Mabey}},
  HowPublished             = {\href{http://mikemabey.blogspot.com/2015/01/fixing-repo-init-to-check-out-chromium.html}{http://mikemabey.blogspot.com/\hspace{0pt}2015/\hspace{0pt}01/\hspace{0pt}fixing-repo-init-to-check-out-chromium.html}},
  Month                    = jan,
  Year                     = {2015},

  Day                      = {30},
  Keywords                 = {blog},
  Url                      = {http://mikemabey.blogspot.com/2015/01/fixing-repo-init-to-check-out-chromium.html}
}

@Misc{MabeyBlogHPDevMode2013,
  Title                    = {Getting into Developer Mode on the HP Pavilion 14 Chromebook},

  Author                   = {\textbf{Mike Mabey}},
  HowPublished             = {\href{http://mikemabey.blogspot.com/2013/05/getting-into-developer-mode-on-hp.html}{http://mikemabey.\hspace{0pt}blogspot.\hspace{0pt}com/\hspace{0pt}2013/\hspace{0pt}05/\hspace{0pt}getting-into-developer-mode-on-hp.html}},
  Month                    = may,
  Year                     = {2013},

  Day                      = {8},
  Keywords                 = {blog},
  Url                      = {http://mikemabey.blogspot.com/2013/05/getting-into-developer-mode-on-hp.html}
}

@Misc{MabeyBlogDebianAndroid2012,
  Title                    = {Debian on Android and my quest for a full-fledged terminal Python IDE},

  Author                   = {\textbf{Mike Mabey}},
  HowPublished             = {\href{http://mikemabey.blogspot.com/2012/06/debian-on-android-and-my-quest-for-full.html}{http://mikemabey.\hspace{0pt}blogspot.\hspace{0pt}com/\hspace{0pt}2012/\hspace{0pt}06/\hspace{0pt}debian-on-android-and-my-quest-for-full.html}},
  Month                    = jun,
  Year                     = {2012},

  Day                      = {23},
  Keywords                 = {blog},
  Url                      = {http://mikemabey.blogspot.com/2012/06/debian-on-android-and-my-quest-for-full.html}
}

@Misc{MabeyBlogVPN2012,
  Title                    = {OpenVPN Update: Fixed!},

  Author                   = {\textbf{Mike Mabey}},
  HowPublished             = {\href{http://mikemabey.blogspot.com/2012/06/openvpn-update-fixed.html}{http://mikemabey.blogspot.com/\hspace{0pt}2012/\hspace{0pt}06/\hspace{0pt}openvpn-update-fixed.html}},
  Month                    = jun,
  Year                     = {2012},

  Day                      = {6},
  Keywords                 = {blog},
  Url                      = {http://mikemabey.blogspot.com/2012/06/openvpn-update-fixed.html}
}

