% This file was created with JabRef 2.10b2.
% Encoding: UTF8


@InProceedings{Han2013,
  Title                    = {Simulation-Based Validation for Smart Grid Environments},
  Author                   = {Wonkyu Han and \textbf{Mike Mabey} and Gail-Joon Ahn},
  Booktitle                = {Information Reuse and Integration (IRI), 2013 IEEE 14th International Conference on},
  Year                     = {2013},
  Month                    = aug,
  Pages                    = {14-21},

  Doi                      = {10.1109/IRI.2013.6642448},
  Keywords                 = {conference,major}
}

@InProceedings{Mabey2011,
  Title                    = {Towards Collaborative Forensics: Preliminary Framework},
  Author                   = {\textbf{Mike Mabey} and Gail-Joon Ahn},
  Booktitle                = {Information Reuse and Integration (IRI), 2011 IEEE International Conference on},
  Year                     = {2011},
  Month                    = aug,
  Pages                    = {94-99},

  Doi                      = {10.1109/IRI.2011.6009527},
  Keywords                 = {conference,major}
}

@InProceedings{Paglierani2013,
  Title                    = {Towards Comprehensive and Collaborative Forensics on Email Evidence},
  Author                   = {Paglierani, Justin and \textbf{Mike Mabey} and Ahn, Gail-Joon},
  Booktitle                = {Collaborative Computing: Networking, Applications and Worksharing (Collaboratecom), 2013 9th International Conference Conference on},
  Year                     = {2013},
  Month                    = oct,
  Pages                    = {11-20},

  Keywords                 = {conference,major}
}
