% This file was created with JabRef 2.10b2.
% Encoding: UTF-8


@InCollection{han2014simulation,
  Title                    = {Simulation-Based Validation for Smart Grid Environments: Framework and Experimental Results},
  Author                   = {Han, Wonkyu and \textbf{Mike Mabey} and Ahn, Gail-Joon and Kim, Tae Sung},
  Booktitle                = {Integration of Reusable Systems},
  Publisher                = {Springer International Publishing},
  Year                     = {2014},
  Editor                   = {Bouabana-Tebibel, Thouraya and Rubin, Stuart H.},
  Pages                    = {27--44},
  Series                   = {Advances in Intelligent Systems and Computing},
  Volume                   = {263},

  Doi                      = {10.1007/978-3-319-04717-1_2},
  ISBN                     = {978-3-319-04716-4},
  Keywords                 = {Smart grid; Discrete event system specification; Risk assessment; Simulation; Validation},
  Url                      = {http://dx.doi.org/10.1007/978-3-319-04717-1_2}
}

@InCollection{Mabey2013,
  Title                    = {Towards Collaborative Forensics},
  Author                   = {\textbf{Mike Mabey} and Ahn, Gail-Joon},
  Booktitle                = {Information Reuse and Integration in Academia and Industry},
  Publisher                = {Springer Vienna},
  Year                     = {2013},
  Editor                   = {\"{O}zyer, Tansel and Kianmehr, Keivan and Tan, Mehmet and Zeng, Jia},
  Pages                    = {237-260},

  Doi                      = {10.1007/978-3-7091-1538-1_12},
  ISBN                     = {978-3-7091-1537-4},
  Language                 = {English},
  Url                      = {http://dx.doi.org/10.1007/978-3-7091-1538-1_12}
}
