% This file was created with JabRef 2.10b2.
% Encoding: UTF-8


@Misc{IAWS_Mabey2012,
  Title                    = {Towards Collaborative Forensics},

  Author                   = {\textbf{Mike Mabey} and Justin Paglierani and Gail-Joon Ahn},
  HowPublished             = {\emph{Workshop on Information Assurance Research and Education, ASU}},
  Month                    = {April},
  Year                     = {2012},

  Timestamp                = {2015.11.17}
}

@Misc{IASymp_Mabey2015,
  Title                    = {Towards Forensics for Web Thin Clients},

  Author                   = {\textbf{Mike Mabey} and Jeremy Whitaker and Gail-Joon Ahn and Adam Doup\'{e}},
  HowPublished             = {\emph{Symposium on Information Assurance Research and Education, ASU}},
  Month                    = {November},
  Year                     = {2015},

  Timestamp                = {2015.11.17}
}

@Misc{IASymp_Whitaker2015,
  Title                    = {Forensic Analysis on Mobile Devices},

  Author                   = {Jeremy Whitaker and \textbf{Mike Mabey} and Gail-Joon Ahn and Adam Doup\'{e}},
  HowPublished             = {\emph{Symposium on Information Assurance Research and Education, ASU}},
  Month                    = {October},
  Year                     = {2014},

  Timestamp                = {2015.11.17}
}

